Books
@book{cpplang4,
	author		= "Bjarne Stroustrup",
	title		= "The C++ Programming Language",
	year		= "2013",
	edition		= "4",
	publisher	= {Addison Wesley},
	isbn 		= {0321563840}
}

@book{UML2,
	author		= {S. Bennett, J. Skelton, K. Lunn},
	title		= {Schaum's Outlines of UML},
	year		= {2004},
	edition		= {2},
	publisher	= {Mc Graw Hill},
	isbn 		= {0077107411}
}





Code solution links
@misc{cppConvStr2Chr,
	author			= {Alfran},
	title 			= {{Stackoverflow} - How to convert string to char array in C++},
	howpublished	= {https://stackoverflow.com/questions/13294067/how-to-convert-string-to-char-array-in-c},
	note			= {Accessed: 2017-10-14}
}

@misc{cppSplitStr,
	author			= {Jonathan Boccara},
	title 			= {{Fluent C++} - How to split a string in C++},
	howpublished	= {https://www.fluentcpp.com/2017/04/21/how-to-split-a-string-in-c/},
	note			= {Accessed: 2017-10-14}
}




Links
@misc{wikiDouble,
	title 			= {{Wikipedia} - Double-precision floating-point format},
	howpublished	= {https://en.wikipedia.org/wiki/Double-precision_floating-point_format},
	note			= {Accessed: 2017-10-15}
}

@misc{wikiLongDouble,
	title 			= {{Wikipedia} - long double},
	howpublished	= {https://en.wikipedia.org/wiki/Long_double},
	note			= {Accessed: 2017-10-16}
}

@misc{cpp11FAQ,
	title 			= {C++11 - The new ISO C++ standard},
	howpublished	= {http://www.stroustrup.com/C++11FAQ.html},
	note			= {Accessed: 2017-10-15}
}

@misc{doubleArithmetic,
	title 			= {Double precision floating point arithmetic},
	howpublished	= {http://web.mit.edu/hyperbook/Patrikalakis-Maekawa-Cho/node47.html},
	note			= {Accessed: 2017-10-15}
}






From Computer Science - UiT
@article{CGDProjPlanRep2016,
	abstract 	= {Project plan/sketch of the Computer Game Design project.},
	author 		= {S{\ae}ther, Paul Knutson},
	pages 		= {3},
	title 		= {{Project Plan - Initial Report}},
	url 		= {https://hin.itslearning.com/essay/Proxy/DownloadRedirect.ashx?fileRepoId=P2LMPpxEXUmrxLGY2FthTuOtC82US00x7L9Pbj9IUEaiGTKgMRDE8zjnhbIzxZ8u{\&}EssayID=421107{\&}Type=1{\&}EssayAnswerID=202214{\%}7B{\&}{\%}7Dpgis=1},
	year 		= {2016}
}

@misc{CGDProjRepository2016,
	abstract 	= {Link to the project git repository.},
	author 		= {{Paul Knutson S{\ae}ther}},
	title 		= {{Paul Knutson S{\ae}ther - mynewapplication}},
	url 		= {http://www.mendeley.com/import/{\%}7B{\%}25{\%}7D5Cnhttp://aoc.gov/paintings-0{\%}7B{\%}25{\%}7D5Cnhttp://www.mendeley.com/import/},
	year 		= {2016}
}





Example
@book{Kerr1992,
	abstract 		= {Henri Lefebvre has considerable.. blablabla},
	archivePrefix 	= {arXiv},
	arxivId 		= {0812.0605},
	author			= {Kerr, Derek},
	booktitle		= {Urban Studies},
	doi				= {10.1080/00420989220081001},
	eprint 			= {0812.0605},
	isbn 			= {0631181776},
	issn 			= {0042-0980},
	pages 			= {1020--1023},
	pmid 			= {22624721},
	title 			= {{The Production of Space}},
	volume			= {29},
	year 			= {1992}
}
